%YAML 1.1
%TAG !u! tag:unity3d.com,2011:
--- !u!241 &24100000
AudioMixerController:
  m_ObjectHideFlags: 0
  m_PrefabParentObject: {fileID: 0}
  m_PrefabInternal: {fileID: 0}
  m_Name: MusicMixer
  m_OutputGroup: {fileID: 0}
  m_MasterGroup: {fileID: 24300001}
  m_Snapshots:
  - {fileID: 24500003}
  - {fileID: 24551218}
  m_StartSnapshot: {fileID: 24500003}
  m_SuspendThreshold: -80
  m_EnableSuspend: 1
  m_ExposedParameters: []
  m_AudioMixerGroupViews:
  - guids:
    - 4e07ead2e365a794997e35dd85857748
    - 621b60a7285a13e4ba35d45e5c308d63
    - 919101bba20f2744babd979d4dd55f7c
    - 5a7027f5503138648b56a76bdb8ebf3e
    - e5ebd95a212b73c44b419c0b3f624185
    - d8eb5d8277dc0524486c720088b8499b
    name: View
  m_CurrentViewIndex: 0
  m_TargetSnapshot: {fileID: 24500003}
--- !u!243 &24300001
AudioMixerGroupController:
  m_ObjectHideFlags: 0
  m_PrefabParentObject: {fileID: 0}
  m_PrefabInternal: {fileID: 0}
  m_Name: Master
  m_AudioMixer: {fileID: 24100000}
  m_GroupID: 4e07ead2e365a794997e35dd85857748
  m_Children:
  - {fileID: 24326672}
  - {fileID: 24374504}
  - {fileID: 24391274}
  - {fileID: 24350288}
  - {fileID: 24321180}
  m_Volume: eb543583b2361fc4681b8735d49c650a
  m_Pitch: aa4d7bb824fc26c46974cb8a9cab2c5f
  m_Effects:
  - {fileID: 24400002}
  m_UserColorIndex: 0
  m_Mute: 0
  m_Solo: 0
  m_BypassEffects: 0
--- !u!243 &24321180
AudioMixerGroupController:
  m_ObjectHideFlags: 0
  m_PrefabParentObject: {fileID: 0}
  m_PrefabInternal: {fileID: 0}
  m_Name: Explosion
  m_AudioMixer: {fileID: 24100000}
  m_GroupID: d8eb5d8277dc0524486c720088b8499b
  m_Children: []
  m_Volume: 80358d50fb42c2240b91ea2eeaf366ff
  m_Pitch: bab445785db3400458b7c6b07305ad4a
  m_Effects:
  - {fileID: 24483088}
  m_UserColorIndex: 0
  m_Mute: 0
  m_Solo: 0
  m_BypassEffects: 0
--- !u!243 &24326672
AudioMixerGroupController:
  m_ObjectHideFlags: 0
  m_PrefabParentObject: {fileID: 0}
  m_PrefabInternal: {fileID: 0}
  m_Name: Calm
  m_AudioMixer: {fileID: 24100000}
  m_GroupID: 621b60a7285a13e4ba35d45e5c308d63
  m_Children: []
  m_Volume: 63d3fdddbdfd6a74fac33d54ce6a7441
  m_Pitch: 520f084448f4cbd47ad72f8df4c4f693
  m_Effects:
  - {fileID: 24479220}
  m_UserColorIndex: 0
  m_Mute: 0
  m_Solo: 0
  m_BypassEffects: 0
--- !u!243 &24350288
AudioMixerGroupController:
  m_ObjectHideFlags: 0
  m_PrefabParentObject: {fileID: 0}
  m_PrefabInternal: {fileID: 0}
  m_Name: Invalid
  m_AudioMixer: {fileID: 24100000}
  m_GroupID: e5ebd95a212b73c44b419c0b3f624185
  m_Children: []
  m_Volume: 37baf9b5febef674b85806faa3e8d335
  m_Pitch: 40643bdef2e95bf4ab9c5717fa96f593
  m_Effects:
  - {fileID: 24481996}
  m_UserColorIndex: 0
  m_Mute: 0
  m_Solo: 0
  m_BypassEffects: 0
--- !u!243 &24374504
AudioMixerGroupController:
  m_ObjectHideFlags: 0
  m_PrefabParentObject: {fileID: 0}
  m_PrefabInternal: {fileID: 0}
  m_Name: Panic
  m_AudioMixer: {fileID: 24100000}
  m_GroupID: 919101bba20f2744babd979d4dd55f7c
  m_Children: []
  m_Volume: 0f75cba08b9eaa04b948780f1f8b1061
  m_Pitch: 734310d19a7966c4f96f6ddd17a34ffd
  m_Effects:
  - {fileID: 24427248}
  m_UserColorIndex: 0
  m_Mute: 0
  m_Solo: 0
  m_BypassEffects: 0
--- !u!243 &24391274
AudioMixerGroupController:
  m_ObjectHideFlags: 0
  m_PrefabParentObject: {fileID: 0}
  m_PrefabInternal: {fileID: 0}
  m_Name: Warning
  m_AudioMixer: {fileID: 24100000}
  m_GroupID: 5a7027f5503138648b56a76bdb8ebf3e
  m_Children: []
  m_Volume: 31f6c474fe7f6be4cb223e2069c111cc
  m_Pitch: 4fc8e4be45b7ac0418feb2925a2527d6
  m_Effects:
  - {fileID: 24458038}
  m_UserColorIndex: 0
  m_Mute: 0
  m_Solo: 0
  m_BypassEffects: 0
--- !u!244 &24400002
AudioMixerEffectController:
  m_ObjectHideFlags: 3
  m_PrefabParentObject: {fileID: 0}
  m_PrefabInternal: {fileID: 0}
  m_Name: 
  m_EffectID: 31c57545300026442bd5fce67e6ac131
  m_EffectName: Attenuation
  m_MixLevel: 751679409b058924fb69333b19f3f6f2
  m_Parameters: []
  m_SendTarget: {fileID: 0}
  m_EnableWetMix: 0
  m_Bypass: 0
--- !u!244 &24427248
AudioMixerEffectController:
  m_ObjectHideFlags: 3
  m_PrefabParentObject: {fileID: 0}
  m_PrefabInternal: {fileID: 0}
  m_Name: 
  m_EffectID: 10efde5ed6d5033499ea06d8a77c65c4
  m_EffectName: Attenuation
  m_MixLevel: a8dc76c05e6799d46990a17fade7138a
  m_Parameters: []
  m_SendTarget: {fileID: 0}
  m_EnableWetMix: 0
  m_Bypass: 0
--- !u!244 &24458038
AudioMixerEffectController:
  m_ObjectHideFlags: 3
  m_PrefabParentObject: {fileID: 0}
  m_PrefabInternal: {fileID: 0}
  m_Name: 
  m_EffectID: 1fa84591e30584f4582dfa007396952f
  m_EffectName: Attenuation
  m_MixLevel: 017c33d7643242a4abc239e90223bdf1
  m_Parameters: []
  m_SendTarget: {fileID: 0}
  m_EnableWetMix: 0
  m_Bypass: 0
--- !u!244 &24479220
AudioMixerEffectController:
  m_ObjectHideFlags: 3
  m_PrefabParentObject: {fileID: 0}
  m_PrefabInternal: {fileID: 0}
  m_Name: 
  m_EffectID: 7fa5add3ad3c2c6428e25fd59ac67b6d
  m_EffectName: Attenuation
  m_MixLevel: 7199928aefff03040a0ca72b5a30cc48
  m_Parameters: []
  m_SendTarget: {fileID: 0}
  m_EnableWetMix: 0
  m_Bypass: 0
--- !u!244 &24481996
AudioMixerEffectController:
  m_ObjectHideFlags: 3
  m_PrefabParentObject: {fileID: 0}
  m_PrefabInternal: {fileID: 0}
  m_Name: 
  m_EffectID: f724e6f103de802478b609a0fb09c168
  m_EffectName: Attenuation
  m_MixLevel: 205529247d03b884182dc3e5ee7d28e9
  m_Parameters: []
  m_SendTarget: {fileID: 0}
  m_EnableWetMix: 0
  m_Bypass: 0
--- !u!244 &24483088
AudioMixerEffectController:
  m_ObjectHideFlags: 3
  m_PrefabParentObject: {fileID: 0}
  m_PrefabInternal: {fileID: 0}
  m_Name: 
  m_EffectID: 509ae5e4faf307c4aab3d6235b52585b
  m_EffectName: Attenuation
  m_MixLevel: 7a6f8b409a2af9a4bb8ecbd69356950c
  m_Parameters: []
  m_SendTarget: {fileID: 0}
  m_EnableWetMix: 0
  m_Bypass: 0
--- !u!245 &24500003
AudioMixerSnapshotController:
  m_ObjectHideFlags: 0
  m_PrefabParentObject: {fileID: 0}
  m_PrefabInternal: {fileID: 0}
  m_Name: Calm
  m_AudioMixer: {fileID: 24100000}
  m_SnapshotID: 0004e27da104afb4fa5c630aec58ad4c
  m_FloatValues:
    80358d50fb42c2240b91ea2eeaf366ff: 5.1526933
    0f75cba08b9eaa04b948780f1f8b1061: -80
    31f6c474fe7f6be4cb223e2069c111cc: 0.3945702
    37baf9b5febef674b85806faa3e8d335: 0.3945702
  m_TransitionOverrides: {}
--- !u!245 &24551218
AudioMixerSnapshotController:
  m_ObjectHideFlags: 0
  m_PrefabParentObject: {fileID: 0}
  m_PrefabInternal: {fileID: 0}
  m_Name: Panic
  m_AudioMixer: {fileID: 24100000}
  m_SnapshotID: 5f563bd5609090844b442b4fdf9f6733
  m_FloatValues:
    0f75cba08b9eaa04b948780f1f8b1061: -0.037667945
    31f6c474fe7f6be4cb223e2069c111cc: -0.037667945
    37baf9b5febef674b85806faa3e8d335: -0.037667945
    63d3fdddbdfd6a74fac33d54ce6a7441: -20.09816
  m_TransitionOverrides: {}
